@misc{linux_rb,
    author="Rob Landley",
    title="Red-black Trees (rbtree) in {Linux}",
    howpublished="Linux kernel documentation, file ``rbtree.txt''. \url{https://www.kernel.org/doc/Documentation/rbtree.txt}",
    note="[Online; accessed 21-April-2025]"
}
@misc{pl_cxx,
    author="{ISO}",
    title="{ISO\slash IEC JTC1 SC22 WG21 N 4860}: {Programming} languages --- {C++}",
    year="2020",
    howpublished="\url{https://isocpp.org/files/papers/N4860.pdf}",
    note="[Online; accessed 27-May-2025]"
}
@misc{pl_java_treemap,
    author="Oracle",
    title="{TreeMap (Java Platform SE 8)}",
    howpublished="\url{https://docs.oracle.com/javase/8/docs/api/java/util/TreeMap.html}",
    note="[Online; accessed 27-May-2025]"
}
@misc{pl_java_treeset,
    author="Oracle",
    title="{TreeSet (Java Platform SE 8)}",
    howpublished="\url{https://docs.oracle.com/javase/8/docs/api/java/util/TreeSet.html}",
    note="[Online; accessed 27-May-2025]"
}
@misc{pl_rust_map,
    author="Rust documentation",
    title="{BTreeMap} in std::collections",
    howpublished="\url{https://doc.rust-lang.org/std/collections/struct.BTreeMap.html}",
    note="[Online; accessed 27-May-2025]"
}
@misc{pl_rust_set,
    author="Rust documentation",
    title="{BTreeSet} in std::collections",
    howpublished="\url{https://doc.rust-lang.org/std/collections/struct.BTreeSet.html}",
    note="[Online; accessed 27-May-2025]"
}
@misc{mem_glibc,
    author="Free Software Foundation",
    title="Freeing after Malloc (The {GNU} {C} Library)",
    howpublished="\url{https://www.gnu.org/software/libc/manual/html_node/Freeing-after-Malloc.html}",
    note="[Online; accessed 27-May-2025]"
}
@misc{mem_lua,
    author="Roberto Ierusalimschy, Luiz Henrique de Figueiredo, Waldemar Celes",
    title="{Lua} 5.3 Reference Manual --- {lua\_Alloc}",
    howpublished="\url{https://www.lua.org/manual/5.3/manual.html#lua_Alloc}",
    note="[Online; accessed 27-May-2025]"
}
@misc{ht_analysis,
    author="R. Christopher Lacher",
    title="Hash Table Analysis (course material)",
    howpublished="\url{https://www.cs.fsu.edu/~lacher/courses/notes/hashanalysis.pdf}",
    note="[Online; accessed 27-May-2025]"
}
@misc{linux_overcommit,
    title="{Linux} kernel developers",
    title="{Linux} kernel documentation --- Overcommit accounting",
    howpublished="\url{https://www.kernel.org/doc/Documentation/vm/overcommit-accounting}",
    note="[Online; accessed 27-May-2025]"
}
@article{divcnst,
    author = {Granlund, Torbj\"{o}rn and Montgomery, Peter L.},
    title = {Division by Invariant Integers Using Multiplication},
    year = {1994},
    issue_date = {June 1994},
    publisher = {Association for Computing Machinery},
    address = {New York, NY, USA},
    volume = {29},
    number = {6},
    issn = {0362-1340},
    url = {https://doi.org/10.1145/773473.178249},
    doi = {10.1145/773473.178249},
    abstract = {Integer division remains expensive on today's processors as the cost of integer multiplication declines. We present code sequences for division by arbitrary nonzero integer constants and run-time invariants using integer multiplication. The algorithms assume a two's complement architecture. Most also require that the upper half of an integer product be quickly accessible. We treat unsigned division, signed division where the quotient rounds towards zero, signed division where the quotient rounds towards -∞, and division where the result is known a priori to be exact. We give some implementation results using the C compiler GCC.},
    journal = {SIGPLAN Not.},
    month = jun,
    pages = {61–72},
    numpages = {12}
}
@misc{BMI2_a,
    author="Intel",
    title="Documentation for \texttt{\_bzhi\_u32} and \texttt{\_bzhi\_u64} intrinsics",
    howpublished="\url{https://www.intel.com/content/www/us/en/docs/cpp-compiler/developer-guide-reference/2021-8/bzhi-u32-64.html}",
    note="[Online; accessed 27-May-2025]"
}
@misc{BMI2_b,
    author="Intel",
    title="Intel® 64 and {IA-32} Architectures Software Developer’s Manual, Volume 2 ({2A}, {2B}, {2C}, \& {2D}): Instruction Set Reference",
    howpublished="\url{https://cdrdv2-public.intel.com/789581/325383-sdm-vol-2abcd.pdf}",
    note="[Online; accessed 27-May-2025]"
}
@misc{BMI2_c,
    author="AMD",
    title="{AMD64} Technology: {AMD64} Architecture Programmer’s Manual. Volume 3: General-Purpose and System Instructions",
    howpublished="\url{https://www.amd.com/content/dam/amd/en/documents/processor-tech-docs/programmer-references/24594.pdf}",
    note="[Online; accessed 27-May-2025]"
}
